<?xml version="1.0" encoding="UTF-8"?>
<record xmlns="http://www.loc.gov/MARC21/slim" xmlns:xsi="http://www.w3.org/2001/XMLSchema-instance" xsi:schemaLocation="http://www.loc.gov/MARC21/slim http://www.loc.gov/standards/marcxml/schema/MARC21slim.xsd">
<leader>     nam a22003011a 4500</leader>
<controlfield tag="001">001684486</controlfield>
<controlfield tag="003">NNU</controlfield>
<controlfield tag="005">20061010173233.0</controlfield>
<controlfield tag="008">000726s1965    iq       b    000 0daraod</controlfield>
<datafield tag="035" ind1="9" ind2=" ">
<subfield code="a">NYUb12227919</subfield>
</datafield>
<datafield tag="035" ind1=" " ind2=" ">
<subfield code="a">(NNU)NYUb12227919</subfield>
</datafield>
<datafield tag="040" ind1=" " ind2=" ">
<subfield code="a">CU</subfield>
<subfield code="c">CU</subfield>
<subfield code="d">CtY</subfield>
</datafield>
<datafield tag="066" ind1=" " ind2=" ">
<subfield code="c">(3</subfield>
</datafield>
<datafield tag="090" ind1=" " ind2=" ">
<subfield code="a">BP195.J32</subfield>
<subfield code="b">A8</subfield>
</datafield>
<datafield tag="100" ind1="1" ind2=" ">
<subfield code="a">ʻAsalī, Khālid</subfield>
<subfield code="6">880-01</subfield>
</datafield>
<datafield tag="245" ind1="1" ind2="0">
<subfield code="6">880-02</subfield>
<subfield code="a">Jahm ibn Ṣafwān wa-makānatuhu fi al-fikr al-Islāmī /</subfield>
<subfield code="c">Khālid al-ʻAsalī.</subfield>
</datafield>
<datafield tag="246" ind1="1" ind2="4">
<subfield code="a">Jahm ibn Safwan and his place in Islamic thought</subfield>
</datafield>
<datafield tag="260" ind1=" " ind2=" ">
<subfield code="6">880-03</subfield>
<subfield code="a">Baghdād :</subfield>
<subfield code="b">al-Maktabah al-Ahlīyah,</subfield>
<subfield code="c">1965.</subfield>
</datafield>
<datafield tag="300" ind1=" " ind2=" ">
<subfield code="a">240 p. ;</subfield>
<subfield code="c">25 cm.</subfield>
</datafield>
<datafield tag="502" ind1=" " ind2=" ">
<subfield code="a">Originally presented as the author's thesis (Risālat al-Mājistīr)--Jāmiʻat Baghdād.</subfield>
</datafield>
<datafield tag="504" ind1=" " ind2=" ">
<subfield code="a">Includes bibliographical references (p. 209-239).</subfield>
</datafield>
<datafield tag="600" ind1="1" ind2="0">
<subfield code="a">Jahm ibn Ṣafwān,</subfield>
<subfield code="d">d. 745 or 6</subfield>
<subfield code="6">880-04</subfield>
</datafield>
<datafield tag="650" ind1=" " ind2="0">
<subfield code="a">Jahmīyah.</subfield>
</datafield>
<datafield tag="650" ind1=" " ind2="0">
<subfield code="a">Islamic sects.</subfield>
</datafield>
<datafield tag="880" ind1="1" ind2=" ">
<subfield code="6">100-01/</subfield>
<subfield code="a">عسلي، خالد.</subfield>
</datafield>
<datafield tag="880" ind1="1" ind2="0">
<subfield code="6">245-02/</subfield>
<subfield code="a">جهم بن صفوان ومكانته في الفكر الإسلامي /</subfield>
<subfield code="c">خالد العسلي.</subfield>
</datafield>
<datafield tag="880" ind1=" " ind2=" ">
<subfield code="6">260-03/</subfield>
<subfield code="a">بغداد :</subfield>
<subfield code="b">المكتبة الأهلية،</subfield>
<subfield code="c">1965.</subfield>
</datafield>
<datafield tag="880" ind1="0" ind2="0">
<subfield code="6">600-04/</subfield>
<subfield code="a">جهم بن صفوان.</subfield>
</datafield>
<datafield tag="OWN" ind1=" " ind2=" ">
<subfield code="a">GENERAL</subfield>
</datafield>
<datafield tag="998" ind1=" " ind2=" ">
<subfield code="a">20010429</subfield>
<subfield code="d">20010429</subfield>
<subfield code="d">20010926</subfield>
<subfield code="n">NNU</subfield>
<subfield code="s">6</subfield>
<subfield code="t">c</subfield>
<subfield code="z">p</subfield>
</datafield>
<datafield tag="AVA" ind1=" " ind2=" ">
<subfield code="a">NYU50</subfield>
<subfield code="b">BOBST</subfield>
<subfield code="c">Main Collection</subfield>
<subfield code="d">BP195.J32 A8</subfield>
<subfield code="e">unavailable</subfield>
<subfield code="t">Unavailable</subfield>
<subfield code="f">1</subfield>
<subfield code="g">1</subfield>
<subfield code="h">N</subfield>
<subfield code="i">0</subfield>
<subfield code="j">MAIN</subfield>
<subfield code="k">0</subfield>
</datafield>
</record>
